@Article{Mungur1969,
  author    = {P. Mungur and G.M.L. Gladwell},
  title     = {Acoustic wave propagation in a sheared fluid contained in a duct},
  year      = {1969},
  volume    = {9},
  number    = {1},
  month     = {jan},
  pages     = {28--48},
  doi       = {10.1016/0022-460x(69)90260-0},
  url       = {http://dx.doi.org/10.1016/0022-460X(69)90260-0},
  journal   = {Journal of Sound and Vibration},
  publisher = {Elsevier {BV}},
}